@ARTICLE{Flaxman:BayesianLearningForKernelEmbeddings,
   author = {{Flaxman}, S. and {Sejdinovic}, D. and {Cunningham}, J.~P. and 
	{Filippi}, S.},
    title = "{Bayesian Learning of Kernel Embeddings}",
  journal = {ArXiv e-prints},
archivePrefix = "arXiv",
   eprint = {1603.02160},
 primaryClass = "stat.ML",
 keywords = {Statistics - Machine Learning},
     year = 2016,
    month = mar,
   adsurl = {http://adsabs.harvard.edu/abs/2016arXiv160302160F},
  adsnote = {Provided by the SAO/NASA Astrophysics Data System}
}


@article{Fukumizu:KBR:BayesianInferenceWithPositiveDefiniteKernels,
 author = {Fukumizu, Kenji and Song, Le and Gretton, Arthur},
 title = {Kernel Bayes' Rule: Bayesian Inference with Positive Definite Kernels},
 journal = {J. Mach. Learn. Res.},
 issue_date = {January 2013},
 volume = {14},
 number = {1},
 month = dec,
 year = {2013},
 issn = {1532-4435},
 pages = {3753--3783},
 numpages = {31},
 url = {http://dl.acm.org/citation.cfm?id=2567709.2627677},
 acmid = {2627677},
 publisher = {JMLR.org},
 keywords = {Bayes' rule, kernel method, reproducing kernel Hilbert space},
}


@article{Kanagawa:KMCF2016,
 author = {Kanagawa, Motonobu and Nishiyama, Yu and Gretton, Arthur and Fukumizu, Kenji},
 title = {Filtering with State-observation Examples via Kernel Monte Carlo Filter},
 journal = {Neural Comput.},
 issue_date = {February 2016},
 volume = {28},
 number = {2},
 month = feb,
 year = {2016},
 issn = {0899-7667},
 pages = {382--444},
 numpages = {63},
 url = {http://dx.doi.org/10.1162/NECO_a_00806},
 doi = {10.1162/NECO_a_00806},
 acmid = {2913311},
 publisher = {MIT Press},
 address = {Cambridge, MA, USA},
} 


@inproceedings{Kanagawa:KMCF2014,
 author = {Kanagawa, Motonobu and Nishiyama, Yu and Gretton, Arthur and Fukumizu, Kenji},
 title = {Monte Carlo Filtering Using Kernel Embedding of Distributions},
 booktitle = {Proceedings of the Twenty-Eighth AAAI Conference on Artificial Intelligence},
 series = {AAAI'14},
 year = {2014},
 location = {Qu\&\#233;bec City, Qu\&\#233;bec, Canada},
 pages = {1897--1903},
 numpages = {7},
 url = {http://dl.acm.org/citation.cfm?id=2892753.2892816},
 acmid = {2892816},
 publisher = {AAAI Press},
}


@inproceedings{Fukumizu:KBR,
 author = {Fukumizu, Kenji and Song, Le and Gretton, Arthur},
 title = {Kernel Bayes' Rule},
 booktitle = {Proceedings of the 24th International Conference on Neural Information Processing Systems},
 series = {NIPS'11},
 year = {2011},
 isbn = {978-1-61839-599-3},
 location = {Granada, Spain},
 pages = {1737--1745},
 numpages = {9},
 url = {http://dl.acm.org/citation.cfm?id=2986459.2986653},
 acmid = {2986653},
 publisher = {Curran Associates Inc.},
 address = {USA},
} 


@article{Sriperumbudur:UniversalityCharacteristicKernels,
 author = {Sriperumbudur, Bharath K. and Fukumizu, Kenji and Lanckriet, Gert R. G.},
 title = {Universality, Characteristic Kernels and RKHS Embedding of Measures},
 journal = {J. Mach. Learn. Res.},
 issue_date = {2/1/2011},
 volume = {12},
 month = jul,
 year = {2011},
 issn = {1532-4435},
 pages = {2389--2410},
 numpages = {22},
 url = {http://dl.acm.org/citation.cfm?id=1953048.2021077},
 acmid = {2021077},
 publisher = {JMLR.org},
}


@inproceedings{Gretton:KernelTwoSampleTest,
 author = {Gretton, Arthur and Fukumizu, Kenji and Harchaoui, Zaid and Sriperumbudur, Bharath K.},
 title = {A Fast, Consistent Kernel Two-sample Test},
 booktitle = {Proceedings of the 22Nd International Conference on Neural Information Processing Systems},
 series = {NIPS'09},
 year = {2009},
 isbn = {978-1-61567-911-9},
 location = {Vancouver, British Columbia, Canada},
 pages = {673--681},
 numpages = {9},
 url = {http://dl.acm.org/citation.cfm?id=2984093.2984169},
 acmid = {2984169},
 publisher = {Curran Associates Inc.},
 address = {USA},
}


@inproceedings{Song:HilbertSpaceEmbeddingDynamicalSystem,
 author = {Song, Le and Huang, Jonathan and Smola, Alex and Fukumizu, Kenji},
 title = {Hilbert Space Embeddings of Conditional Distributions with Applications to Dynamical Systems},
 booktitle = {Proceedings of the 26th Annual International Conference on Machine Learning},
 series = {ICML '09},
 year = {2009},
 isbn = {978-1-60558-516-1},
 location = {Montreal, Quebec, Canada},
 pages = {961--968},
 numpages = {8},
 url = {http://doi.acm.org/10.1145/1553374.1553497},
 doi = {10.1145/1553374.1553497},
 acmid = {1553497},
 publisher = {ACM},
 address = {New York, NY, USA},
}


@ARTICLE{Johno:RemarksKBR,
   author = {{Johno}, H. and {Nakamoto}, K. and {Saigo}, T.},
    title = "{Remarks on kernel Bayes' rule}",
  journal = {ArXiv e-prints},
archivePrefix = "arXiv",
   eprint = {1507.01059},
 primaryClass = "stat.ML",
 keywords = {Statistics - Machine Learning},
     year = 2015,
    month = jul,
   adsurl = {http://adsabs.harvard.edu/abs/2015arXiv150701059J},
  adsnote = {Provided by the SAO/NASA Astrophysics Data System}
}


@article{Kanagawa:RecoveringDistributions,
 author = {Kanagawa, Motonobu and Fukumizu, Kenji},
 title = {Recovering Distributions from Gaussian RKHS Embeddings},
 journal = {Journal of Machine Learning Research},
 issue_date = {December 2014},
 volume = {33},
 month = dec,
 year = {2014},
 pages = {457â€“465},
 url = {http://www.jmlr.org/proceedings/papers/v33/kanagawa14.html},
 publisher = {JMLR.org},
}


@article{Song:KernelEmbeddingsOfConditionalDistribution,
 author = {Song, Le and Fukumizu, Kenji and Gretton, Arthur},
 title = {Kernel Embeddings of Conditional Distributions},
 journal = {Journal of Institute of Electrical and Electronics Engineers},
 issue_date = {June, 2013},
 month = June,
 year = {2013},
 url = {http://www.cc.gatech.edu/~lsong/papers/SonFukGre13.pdf},
 publisher = {Institute of Electrical and Electronics Engineers},
}


@ARTICLE{Muandet:KernelEmbeddingReviewAndBeyonds,
   author = {{Muandet}, K. and {Fukumizu}, K. and {Sriperumbudur}, B. and 
	{Sch{\"o}lkopf}, B.},
    title = "{Kernel Mean Embedding of Distributions: A Review and Beyonds}",
  journal = {ArXiv e-prints},
archivePrefix = "arXiv",
   eprint = {1605.09522},
 primaryClass = "stat.ML",
 keywords = {Statistics - Machine Learning, Computer Science - Learning},
     year = 2016,
    month = may,
   adsurl = {http://adsabs.harvard.edu/abs/2016arXiv160509522M},
  adsnote = {Provided by the SAO/NASA Astrophysics Data System}
}


@ARTICLE{Dai:DualKernelEmbeddings,
   author = {{Dai}, B. and {He}, N. and {Pan}, Y. and {Boots}, B. and {Song}, L.
	},
    title = "{Learning from Conditional Distributions via Dual Kernel Embeddings}",
  journal = {ArXiv e-prints},
archivePrefix = "arXiv",
   eprint = {1607.04579},
 primaryClass = "cs.LG",
 keywords = {Computer Science - Learning, Mathematics - Optimization and Control, Statistics - Machine Learning},
     year = 2016,
    month = jul,
   adsurl = {http://adsabs.harvard.edu/abs/2016arXiv160704579D},
  adsnote = {Provided by the SAO/NASA Astrophysics Data System}
}


@incollection{Yoshikawa:CrossDomainMatchingLatentDistributions,
title = {Cross-Domain Matching for Bag-of-Words Data via Kernel Embeddings of Latent Distributions},
author = {Yoshikawa, Yuya and Iwata, Tomoharu and Sawada, Hiroshi and Yamada, Takeshi},
booktitle = {Advances in Neural Information Processing Systems 28},
editor = {C. Cortes and N. D. Lawrence and D. D. Lee and M. Sugiyama and R. Garnett},
pages = {1405--1413},
year = {2015},
publisher = {Curran Associates, Inc.},
url = {http://papers.nips.cc/paper/5959-cross-domain-matching-for-bag-of-words-data-via-kernel-embeddings-of-latent-distributions.pdf}
}


@phdthesis{Osborne:PhD,
  title = {Bayesian {Gaussian} {Processes} for {Sequential} {Prediction}, {Optimisation} and {Quadrature}},
  school = {PhD thesis, University of Oxford},
  author = {Osborne, Michael},
  year = {2010},
  file = {136/full_thesis.pdf}
}


@phdthesis{McCalman:PhD,
  title = {Function {Embeddings} for {Multi-modal} {Bayesian} {Inference}},
  school = {PhD thesis, University of Sydney},
  author = {McCalman, Lachlan},
  year = {2014},
  file = {136/full_thesis.pdf}
}