@inproceedings{abeywardana2015variational,
  title={Variational Inference for Nonparametric Bayesian Quantile Regression.},
  author={Abeywardana, Sachinthaka and Ramos, Fabio},
  booktitle={AAAI},
  pages={1686--1692},
  year={2015}
}
@article{bachrach1999bone,
  title={Bone Mineral Acquisition in Healthy Asian, Hispanic, Black, and Caucasian Youth: A Longitudinal Study 1},
  author={Bachrach, Laura K and Hastie, Trevor and Wang, May-Choo and Narasimhan, Balasubramanian and Marcus, Robert},
  journal={The Journal of Clinical Endocrinology \& Metabolism},
  volume={84},
  number={12},
  pages={4702--4712},
  year={1999},
  publisher={Endocrine Society}
}
@book{bauer1981probability,
  title={Probability theory and elements of measure theory},
  author={Bauer, Heinz and Burckel, Robert B},
  year={1981},
  publisher={Academic Press London}
}
@article{boukouvalas2012gaussian,
  title={Gaussian process quantile regression using expectation propagation},
  author={Boukouvalas, Alexis and Barillec, Remi and Cornford, Dan},
  journal={arXiv preprint arXiv:1206.6391},
  year={2012}
}
@article{fukumizu2004dimensionality,
  title={Dimensionality reduction for supervised learning with reproducing kernel Hilbert spaces},
  author={Fukumizu, Kenji and Bach, Francis R and Jordan, Michael I},
  journal={Journal of Machine Learning Research},
  volume={5},
  number={Jan},
  pages={73--99},
  year={2004}
}
@article{fukumizu2013kernel,
  title={Kernel Bayes' rule: Bayesian inference with positive definite kernels.},
  author={Fukumizu, Kenji and Song, Le and Gretton, Arthur},
  journal={Journal of Machine Learning Research},
  volume={14},
  number={1},
  pages={3753--3783},
  year={2013}
}
@article{hastie2005the,
  author = {Hastie, Trevor and Tibshirani, Robert and Friedman, Jerome and Franklin, James},
  journal = {The Mathematical Intelligencer},
  number = {2},
  pages = {83--85},
  publisher = {Springer},
  title = {{The elements of statistical learning: data mining, inference and prediction}},
  volume = {27},
  year = {2005}
}
@article{hjort2007nonparametric,
  title={Nonparametric quantile inference using Dirichlet processes},
  author={Hjort, Nils Lid and Petrone, Sonia},
  journal={Advances in statistical modeling and inference},
  pages={463--492},
  year={2007}
}
@article{hjort2009quantile,
  title={Quantile pyramids for Bayesian nonparametrics},
  author={Hjort, Nils Lid and Walker, Stephen G},
  journal={The Annals of Statistics},
  pages={105--131},
  year={2009},
  publisher={JSTOR}
}
@inproceedings{kanagawa2014recovering,
  title={Recovering Distributions from Gaussian RKHS Embeddings.},
  author={Kanagawa, Motonobu and Fukumizu, Kenji},
  booktitle={AISTATS},
  pages={457--465},
  year={2014}
}
@article{kanagawa2016filtering,
  title={Filtering with state-observation examples via kernel monte carlo filter},
  author={Kanagawa, Motonobu and Nishiyama, Yu and Gretton, Arthur and Fukumizu, Kenji},
  journal={Neural computation},
  volume={28},
  number={2},
  pages={382--444},
  year={2016},
  publisher={MIT Press}
}
@article{koenker1978regression,
  title={Regression quantiles},
  author={Koenker, Roger and Bassett, Gilbert and Jan, No},
  journal={Econometrica: Journal of the Econometric Society},
  pages={33--50},
  year={1978},
  publisher={JSTOR}
}
@book{koenker2005quantile,
  title={Quantile regression},
  author={Koenker, Roger},
  year={2005},
  publisher={Cambridge university press}
}
@article{langford2012predicting,
  title={Predicting conditional quantiles via reduction to classification},
  author={Langford, John and Oliveira, Roberto and Zadrozny, Bianca},
  journal={arXiv preprint arXiv:1206.6860},
  year={2012}
}
@misc{lichman2013uci,
  author = "M. Lichman",
  year = "2013",
  title = "{UCI} Machine Learning Repository",
  url = "http://archive.ics.uci.edu/ml",
  institution = "University of California, Irvine, School of Information and Computer Sciences"
}
@inproceedings{mccalman2013multi,
  title={Multi-modal estimation with kernel embeddings for learning motion models},
  author={McCalman, Lachlan and O'Callaghan, Simon and Ramos, Fabio},
  booktitle={Robotics and Automation (ICRA), 2013 IEEE International Conference on},
  pages={2845--2852},
  year={2013},
  organization={IEEE}
}
@article{muandet2016kernel,
  title={Kernel Mean Embedding of Distributions: A Review and Beyonds},
  author={Muandet, Krikamol and Fukumizu, Kenji and Sriperumbudur, Bharath and Sch{\"o}lkopf, Bernhard},
  journal={arXiv preprint arXiv:1605.09522},
  year={2016}
}
@inproceedings{quadrianto2009kernel,
  title={Kernel Conditional Quantile Estimation via Reduction Revisited.},
  author={Quadrianto, Novi and Kersting, Kristian and Reid, Mark D and Caetano, Tib{\'e}rio S and Buntine, Wray L and others},
  booktitle={ICDM},
  pages={938--943},
  year={2009}
}
@book{rasmussen2006gaussian,
  title={Gaussian processes for machine learning},
  author={Rasmussen, Carl Edward and Williams, Christopher K. I.},
  year={2006},
  publisher={The MIT Press},
  location = {Cambridge, Massachusett}
}
@inproceedings{smola2007hilbert,
  title={A Hilbert space embedding for distributions},
  author={Smola, Alex and Gretton, Arthur and Song, Le and Sch{\"o}lkopf, Bernhard},
  booktitle={International Conference on Algorithmic Learning Theory},
  pages={13--31},
  year={2007},
  organization={Springer}
}
@article{song2013kernel,
  title={Kernel embeddings of conditional distributions: A unified kernel framework for nonparametric inference in graphical models},
  author={Song, Le and Fukumizu, Kenji and Gretton, Arthur},
  journal={IEEE Signal Processing Magazine},
  volume={30},
  number={4},
  pages={98--111},
  year={2013},
  publisher={IEEE}
}
@article{taddy2012bayesian,
  title={A Bayesian nonparametric approach to inference for quantile regression},
  author={Taddy, Matthew A and Kottas, Athanasios},
  journal={Journal of Business \& Economic Statistics},
  year={2012},
  publisher={Taylor \& Francis}
}
@article{takeuchi2006nonparametric,
  title={Nonparametric quantile estimation},
  author={Takeuchi, Ichiro and Le, Quoc V and Sears, Timothy D and Smola, Alexander J},
  journal={Journal of Machine Learning Research},
  volume={7},
  number={Jul},
  pages={1231--1264},
  year={2006}
}
@article{yu2001bayesian,
  title={Bayesian quantile regression},
  author={Yu, Keming and Moyeed, Rana A},
  journal={Statistics \& Probability Letters},
  volume={54},
  number={4},
  pages={437--447},
  year={2001},
  publisher={Elsevier}
}